<?xml version="1.0" encoding="UTF-8"?><record xmlns="http://www.loc.gov/MARC21/slim" xmlns:cinclude="http://apache.org/cocoon/include/1.0" xmlns:zs="http://www.loc.gov/zing/srw/">
  <leader>01030cz  a2200157n  4500</leader>
  <controlfield tag="001">n 2006164209</controlfield>
  <controlfield tag="003">DLC</controlfield>
  <controlfield tag="005">20070724074904.0</controlfield>
  <controlfield tag="008">060814n| acannaabn           a ana      </controlfield>
  <datafield tag="010" ind1=" " ind2=" ">
    <subfield code="a">n 2006164209</subfield>
  </datafield>
  <datafield tag="040" ind1=" " ind2=" ">
    <subfield code="a">DLC</subfield>
    <subfield code="b">eng</subfield>
    <subfield code="c">DLC</subfield>
  </datafield>
  <datafield tag="110" ind1="2" ind2=" ">
    <subfield code="a">Savage Gold and Silver Mining Company (Virginia City, Nev.)</subfield>
  </datafield>
  <datafield tag="510" ind1="2" ind2=" ">
    <subfield code="w">a</subfield>
    <subfield code="a">Savage Mining Company (Virginia City, Nev.)</subfield>
  </datafield>
  <datafield tag="510" ind1="2" ind2=" ">
    <subfield code="w">b</subfield>
    <subfield code="a">Consolidated Chollar, Gould, and Savage Mining Company</subfield>
  </datafield>
  <datafield tag="670" ind1=" " ind2=" ">
    <subfield code="a">NUCMC data from Nevada Historical Society for Savage Mining Company records, 1864-1927</subfield>
    <subfield code="b">(Savage Mining Company, mining company of Virginia City, Nev.; reincorporated in 1904 as the Savage Gold and Silver Mining Company)</subfield>
  </datafield>
  <datafield tag="670" ind1=" " ind2=" ">
    <subfield code="a">NUCMC data from Nevada Historical Society for Consolidated Chollar, Gould, and Savage Mining Company records, 1930-1954</subfield>
    <subfield code="b">(Consolidated Chollar, Gould, and Savage Mining Company, Gold Hill, Nev.; consolidated Chollar Gold and Silver Mining Corporation, Gould and Curry Mining Company, and Savage Gold and Silver Mining Company to form a new company in 1933)</subfield>
  </datafield>
</record>